@manual{sample,
  organization = {TU Dortmund, Fakultät Physik},
  title = {Versuch zum Literaturverzeichnis},
  year = 2022
}
@manual{V46,
  organization = {TU Dortmund, Fakultät Physik},
  title = {V46-Faraday-Effekt an Halbleitern},
}
@manual{V46Anhang,
  organization = {TU Dortmund, Fakultät Physik},
  title = {Anhang 1 V46-Faraday-Effekt an Halbleitern},
}
@online{Halbleiter,
  title = {Dotierte Halbleiter},
  url = {https://slideplayer.org/slide/885648/},
  urldate = {2023-04-17}
}

@online{Brechungsindex,
  title = {Brechungsindex von Gallium Arsenide},
  url = {https://www.filmetrics.de/refractive-index-database/GaAs/Gallium-Arsenide},
  urldate = {2023-04-20}
}

@online{Masse,
  title = {Gallium Arsenide Basic Parameters at 300 K} ,
  url = {http://www.ioffe.ru/SVA/NSM/Semicond/GaAs/basic.html},
  urldate = {2023-04-20}
}